@article{Dowe07GO,
  title={Bayes not bust! Why simplicity is no problem for Bayesians},
  author={Dowe, David L and Gardner, Steve and Oppy, Graham},
  journal={The British Journal for the Philosophy of Science},
  volume={58},
  number={4},
  pages={709--754},
  year={2007},
  publisher={Oxford University Press}
}
@book{Wallace05,
	title={Statistical and inductive inference by minimum message length},
	author={Wallace, Christopher S},
	year={2005},
	publisher={Springer Science \& Business Media}
}